%YAML 1.1
%TAG !u! tag:unity3d.com,2011:
--- !u!29 &1
OcclusionCullingSettings:
  m_ObjectHideFlags: 0
  serializedVersion: 2
  m_OcclusionBakeSettings:
    smallestOccluder: 5
    smallestHole: 0.25
    backfaceThreshold: 100
  m_SceneGUID: 00000000000000000000000000000000
  m_OcclusionCullingData: {fileID: 0}
--- !u!104 &2
RenderSettings:
  m_ObjectHideFlags: 0
  serializedVersion: 9
  m_Fog: 0
  m_FogColor: {r: 0.5, g: 0.5, b: 0.5, a: 1}
  m_FogMode: 3
  m_FogDensity: 0.01
  m_LinearFogStart: 0
  m_LinearFogEnd: 300
  m_AmbientSkyColor: {r: 0.212, g: 0.227, b: 0.259, a: 1}
  m_AmbientEquatorColor: {r: 0.114, g: 0.125, b: 0.133, a: 1}
  m_AmbientGroundColor: {r: 0.047, g: 0.043, b: 0.035, a: 1}
  m_AmbientIntensity: 1
  m_AmbientMode: 3
  m_SubtractiveShadowColor: {r: 0.42, g: 0.478, b: 0.627, a: 1}
  m_SkyboxMaterial: {fileID: 0}
  m_HaloStrength: 0.5
  m_FlareStrength: 1
  m_FlareFadeSpeed: 3
  m_HaloTexture: {fileID: 0}
  m_SpotCookie: {fileID: 10001, guid: 0000000000000000e000000000000000, type: 0}
  m_DefaultReflectionMode: 0
  m_DefaultReflectionResolution: 128
  m_ReflectionBounces: 1
  m_ReflectionIntensity: 1
  m_CustomReflection: {fileID: 0}
  m_Sun: {fileID: 0}
  m_IndirectSpecularColor: {r: 0, g: 0, b: 0, a: 1}
  m_UseRadianceAmbientProbe: 0
--- !u!157 &3
LightmapSettings:
  m_ObjectHideFlags: 0
  serializedVersion: 11
  m_GIWorkflowMode: 1
  m_GISettings:
    serializedVersion: 2
    m_BounceScale: 1
    m_IndirectOutputScale: 1
    m_AlbedoBoost: 1
    m_EnvironmentLightingMode: 0
    m_EnableBakedLightmaps: 0
    m_EnableRealtimeLightmaps: 0
  m_LightmapEditorSettings:
    serializedVersion: 12
    m_Resolution: 2
    m_BakeResolution: 40
    m_AtlasSize: 1024
    m_AO: 0
    m_AOMaxDistance: 1
    m_CompAOExponent: 1
    m_CompAOExponentDirect: 0
    m_ExtractAmbientOcclusion: 0
    m_Padding: 2
    m_LightmapParameters: {fileID: 0}
    m_LightmapsBakeMode: 1
    m_TextureCompression: 1
    m_FinalGather: 0
    m_FinalGatherFiltering: 1
    m_FinalGatherRayCount: 256
    m_ReflectionCompression: 2
    m_MixedBakeMode: 2
    m_BakeBackend: 0
    m_PVRSampling: 1
    m_PVRDirectSampleCount: 32
    m_PVRSampleCount: 500
    m_PVRBounces: 2
    m_PVREnvironmentSampleCount: 500
    m_PVREnvironmentReferencePointCount: 2048
    m_PVRFilteringMode: 2
    m_PVRDenoiserTypeDirect: 0
    m_PVRDenoiserTypeIndirect: 0
    m_PVRDenoiserTypeAO: 0
    m_PVRFilterTypeDirect: 0
    m_PVRFilterTypeIndirect: 0
    m_PVRFilterTypeAO: 0
    m_PVREnvironmentMIS: 0
    m_PVRCulling: 1
    m_PVRFilteringGaussRadiusDirect: 1
    m_PVRFilteringGaussRadiusIndirect: 5
    m_PVRFilteringGaussRadiusAO: 2
    m_PVRFilteringAtrousPositionSigmaDirect: 0.5
    m_PVRFilteringAtrousPositionSigmaIndirect: 2
    m_PVRFilteringAtrousPositionSigmaAO: 1
    m_ExportTrainingData: 0
    m_TrainingDataDestination: TrainingData
  m_LightingDataAsset: {fileID: 0}
  m_UseShadowmask: 1
--- !u!196 &4
NavMeshSettings:
  serializedVersion: 2
  m_ObjectHideFlags: 0
  m_BuildSettings:
    serializedVersion: 2
    agentTypeID: 0
    agentRadius: 0.5
    agentHeight: 2
    agentSlope: 45
    agentClimb: 0.4
    ledgeDropHeight: 0
    maxJumpAcrossDistance: 0
    minRegionArea: 2
    manualCellSize: 0
    cellSize: 0.16666667
    manualTileSize: 0
    tileSize: 256
    accuratePlacement: 0
    debug:
      m_Flags: 0
  m_NavMeshData: {fileID: 0}
--- !u!1001 &1825047
PrefabInstance:
  m_ObjectHideFlags: 0
  serializedVersion: 2
  m_Modification:
    m_TransformParent: {fileID: 0}
    m_Modifications:
    - target: {fileID: 7848733496873674858, guid: 9ef09cf89051a3745a28cac27a547263,
        type: 3}
      propertyPath: m_Name
      value: treesAndClouds_3
      objectReference: {fileID: 0}
    - target: {fileID: 7848733496873674856, guid: 9ef09cf89051a3745a28cac27a547263,
        type: 3}
      propertyPath: m_LocalPosition.x
      value: 18.73917
      objectReference: {fileID: 0}
    - target: {fileID: 7848733496873674856, guid: 9ef09cf89051a3745a28cac27a547263,
        type: 3}
      propertyPath: m_LocalPosition.y
      value: 3.0907135
      objectReference: {fileID: 0}
    - target: {fileID: 7848733496873674856, guid: 9ef09cf89051a3745a28cac27a547263,
        type: 3}
      propertyPath: m_LocalPosition.z
      value: 0
      objectReference: {fileID: 0}
    - target: {fileID: 7848733496873674856, guid: 9ef09cf89051a3745a28cac27a547263,
        type: 3}
      propertyPath: m_LocalRotation.x
      value: 0
      objectReference: {fileID: 0}
    - target: {fileID: 7848733496873674856, guid: 9ef09cf89051a3745a28cac27a547263,
        type: 3}
      propertyPath: m_LocalRotation.y
      value: 0
      objectReference: {fileID: 0}
    - target: {fileID: 7848733496873674856, guid: 9ef09cf89051a3745a28cac27a547263,
        type: 3}
      propertyPath: m_LocalRotation.z
      value: 0
      objectReference: {fileID: 0}
    - target: {fileID: 7848733496873674856, guid: 9ef09cf89051a3745a28cac27a547263,
        type: 3}
      propertyPath: m_LocalRotation.w
      value: 1
      objectReference: {fileID: 0}
    - target: {fileID: 7848733496873674856, guid: 9ef09cf89051a3745a28cac27a547263,
        type: 3}
      propertyPath: m_RootOrder
      value: 3
      objectReference: {fileID: 0}
    - target: {fileID: 7848733496873674856, guid: 9ef09cf89051a3745a28cac27a547263,
        type: 3}
      propertyPath: m_LocalEulerAnglesHint.x
      value: 0
      objectReference: {fileID: 0}
    - target: {fileID: 7848733496873674856, guid: 9ef09cf89051a3745a28cac27a547263,
        type: 3}
      propertyPath: m_LocalEulerAnglesHint.y
      value: 0
      objectReference: {fileID: 0}
    - target: {fileID: 7848733496873674856, guid: 9ef09cf89051a3745a28cac27a547263,
        type: 3}
      propertyPath: m_LocalEulerAnglesHint.z
      value: 0
      objectReference: {fileID: 0}
    m_RemovedComponents: []
  m_SourcePrefab: {fileID: 100100000, guid: 9ef09cf89051a3745a28cac27a547263, type: 3}
--- !u!1001 &123230496
PrefabInstance:
  m_ObjectHideFlags: 0
  serializedVersion: 2
  m_Modification:
    m_TransformParent: {fileID: 0}
    m_Modifications:
    - target: {fileID: 7848733496873674858, guid: 18ac26765077ec549aacba92180160ca,
        type: 3}
      propertyPath: m_Name
      value: treesAndClouds_4
      objectReference: {fileID: 0}
    - target: {fileID: 7848733496873674856, guid: 18ac26765077ec549aacba92180160ca,
        type: 3}
      propertyPath: m_LocalPosition.x
      value: 25.597126
      objectReference: {fileID: 0}
    - target: {fileID: 7848733496873674856, guid: 18ac26765077ec549aacba92180160ca,
        type: 3}
      propertyPath: m_LocalPosition.y
      value: -4.3320174
      objectReference: {fileID: 0}
    - target: {fileID: 7848733496873674856, guid: 18ac26765077ec549aacba92180160ca,
        type: 3}
      propertyPath: m_LocalPosition.z
      value: 0
      objectReference: {fileID: 0}
    - target: {fileID: 7848733496873674856, guid: 18ac26765077ec549aacba92180160ca,
        type: 3}
      propertyPath: m_LocalRotation.x
      value: 0
      objectReference: {fileID: 0}
    - target: {fileID: 7848733496873674856, guid: 18ac26765077ec549aacba92180160ca,
        type: 3}
      propertyPath: m_LocalRotation.y
      value: 0
      objectReference: {fileID: 0}
    - target: {fileID: 7848733496873674856, guid: 18ac26765077ec549aacba92180160ca,
        type: 3}
      propertyPath: m_LocalRotation.z
      value: 0
      objectReference: {fileID: 0}
    - target: {fileID: 7848733496873674856, guid: 18ac26765077ec549aacba92180160ca,
        type: 3}
      propertyPath: m_LocalRotation.w
      value: 1
      objectReference: {fileID: 0}
    - target: {fileID: 7848733496873674856, guid: 18ac26765077ec549aacba92180160ca,
        type: 3}
      propertyPath: m_RootOrder
      value: 1
      objectReference: {fileID: 0}
    - target: {fileID: 7848733496873674856, guid: 18ac26765077ec549aacba92180160ca,
        type: 3}
      propertyPath: m_LocalEulerAnglesHint.x
      value: 0
      objectReference: {fileID: 0}
    - target: {fileID: 7848733496873674856, guid: 18ac26765077ec549aacba92180160ca,
        type: 3}
      propertyPath: m_LocalEulerAnglesHint.y
      value: 0
      objectReference: {fileID: 0}
    - target: {fileID: 7848733496873674856, guid: 18ac26765077ec549aacba92180160ca,
        type: 3}
      propertyPath: m_LocalEulerAnglesHint.z
      value: 0
      objectReference: {fileID: 0}
    m_RemovedComponents: []
  m_SourcePrefab: {fileID: 100100000, guid: 18ac26765077ec549aacba92180160ca, type: 3}
--- !u!1 &143734060
GameObject:
  m_ObjectHideFlags: 0
  m_CorrespondingSourceObject: {fileID: 0}
  m_PrefabInstance: {fileID: 0}
  m_PrefabAsset: {fileID: 0}
  serializedVersion: 6
  m_Component:
  - component: {fileID: 143734061}
  m_Layer: 0
  m_Name: GoalPos
  m_TagString: Untagged
  m_Icon: {fileID: -5487077368411116049, guid: 0000000000000000d000000000000000, type: 0}
  m_NavMeshLayer: 0
  m_StaticEditorFlags: 0
  m_IsActive: 1
--- !u!4 &143734061
Transform:
  m_ObjectHideFlags: 0
  m_CorrespondingSourceObject: {fileID: 0}
  m_PrefabInstance: {fileID: 0}
  m_PrefabAsset: {fileID: 0}
  m_GameObject: {fileID: 143734060}
  m_LocalRotation: {x: -0, y: -0, z: -0, w: 1}
  m_LocalPosition: {x: 4.41, y: -5.5, z: 0}
  m_LocalScale: {x: 1, y: 1, z: 1}
  m_Children: []
  m_Father: {fileID: 0}
  m_RootOrder: 0
  m_LocalEulerAnglesHint: {x: 0, y: 0, z: 0}
--- !u!1 &483248787
GameObject:
  m_ObjectHideFlags: 0
  m_CorrespondingSourceObject: {fileID: 0}
  m_PrefabInstance: {fileID: 0}
  m_PrefabAsset: {fileID: 0}
  serializedVersion: 6
  m_Component:
  - component: {fileID: 483248788}
  - component: {fileID: 483248793}
  - component: {fileID: 483248792}
  - component: {fileID: 483248791}
  - component: {fileID: 483248790}
  - component: {fileID: 483248789}
  m_Layer: 9
  m_Name: Slippery
  m_TagString: Untagged
  m_Icon: {fileID: 0}
  m_NavMeshLayer: 0
  m_StaticEditorFlags: 0
  m_IsActive: 1
--- !u!4 &483248788
Transform:
  m_ObjectHideFlags: 0
  m_CorrespondingSourceObject: {fileID: 0}
  m_PrefabInstance: {fileID: 0}
  m_PrefabAsset: {fileID: 0}
  m_GameObject: {fileID: 483248787}
  m_LocalRotation: {x: -0, y: -0, z: -0, w: 1}
  m_LocalPosition: {x: 0, y: 0, z: 0}
  m_LocalScale: {x: 1, y: 1, z: 1}
  m_Children: []
  m_Father: {fileID: 960194558}
  m_RootOrder: 2
  m_LocalEulerAnglesHint: {x: 0, y: 0, z: 0}
--- !u!66 &483248789
CompositeCollider2D:
  m_ObjectHideFlags: 0
  m_CorrespondingSourceObject: {fileID: 0}
  m_PrefabInstance: {fileID: 0}
  m_PrefabAsset: {fileID: 0}
  m_GameObject: {fileID: 483248787}
  m_Enabled: 1
  m_Density: 1
  m_Material: {fileID: 6200000, guid: 8a4a738cb99572f4ea473000a6a156a4, type: 2}
  m_IsTrigger: 0
  m_UsedByEffector: 0
  m_UsedByComposite: 0
  m_Offset: {x: 0, y: 0}
  m_GeometryType: 0
  m_GenerationType: 0
  m_EdgeRadius: 0
  m_ColliderPaths:
  - m_Collider: {fileID: 483248791}
    m_ColliderPaths:
    - - X: -9531395
        Y: 9531250
      - X: -9531290
        Y: 10468780
      - X: -29531310
        Y: 30468750
      - X: -30468750
        Y: 30468605
      - X: -30468605
        Y: 9531250
    - - X: 10468605
        Y: -40468752
      - X: 10468605
        Y: -29531250
      - X: 10312500
        Y: -29531105
      - X: 10312355
        Y: -19687500
      - X: 9374970
        Y: -19687540
      - X: -312500
        Y: -29375060
      - X: -312645
        Y: -29531250
      - X: -468750
        Y: -29531395
      - X: -468895
        Y: -29687500
      - X: -625030
        Y: -29687540
      - X: -10312500
        Y: -39375060
      - X: -10312355
        Y: -40312500
      - X: -468750
        Y: -40312645
      - X: -468605
        Y: -40468752
    - - X: -30468850
        Y: -70468706
      - X: 50468723
        Y: -70468636
      - X: 50468607
        Y: -59531248
      - X: -9531392
        Y: -59531116
      - X: -29531310
        Y: -39531248
      - X: -30468750
        Y: -39531393
  m_CompositePaths:
    m_Paths:
    - - {x: -0.9531424, y: 0.953125}
      - {x: -0.9531298, y: 1.0468786}
      - {x: -2.9531322, y: 3.046875}
      - {x: -3.046875, y: 3.0468576}
      - {x: -3.0468576, y: 0.953125}
    - - {x: 1.0468576, y: -4.0468755}
      - {x: 1.0468576, y: -2.953125}
      - {x: 1.03125, y: -2.9531076}
      - {x: 1.0312326, y: -1.96875}
      - {x: 0.9374964, y: -1.9687548}
      - {x: -0.03125, y: -2.9375072}
      - {x: -0.0312674, y: -2.953125}
      - {x: -0.046875, y: -2.9531424}
      - {x: -0.0468924, y: -2.96875}
      - {x: -0.0625036, y: -2.9687548}
      - {x: -1.03125, y: -3.9375072}
      - {x: -1.0312326, y: -4.03125}
      - {x: -0.046875, y: -4.031267}
      - {x: -0.0468576, y: -4.0468755}
    - - {x: -3.046885, y: -7.046868}
      - {x: 5.0468726, y: -7.0468607}
      - {x: 5.046858, y: -5.953125}
      - {x: -0.9531402, y: -5.9531107}
      - {x: -2.9531322, y: -3.9531248}
      - {x: -3.046875, y: -3.9531424}
  m_VertexDistance: 0.0005
  m_OffsetDistance: 0.000005
--- !u!50 &483248790
Rigidbody2D:
  serializedVersion: 4
  m_ObjectHideFlags: 0
  m_CorrespondingSourceObject: {fileID: 0}
  m_PrefabInstance: {fileID: 0}
  m_PrefabAsset: {fileID: 0}
  m_GameObject: {fileID: 483248787}
  m_BodyType: 0
  m_Simulated: 1
  m_UseFullKinematicContacts: 0
  m_UseAutoMass: 0
  m_Mass: 99999
  m_LinearDrag: 0
  m_AngularDrag: 0
  m_GravityScale: 0
  m_Material: {fileID: 6200000, guid: 8a4a738cb99572f4ea473000a6a156a4, type: 2}
  m_Interpolate: 0
  m_SleepingMode: 1
  m_CollisionDetection: 0
  m_Constraints: 4
--- !u!19719996 &483248791
TilemapCollider2D:
  m_ObjectHideFlags: 0
  m_CorrespondingSourceObject: {fileID: 0}
  m_PrefabInstance: {fileID: 0}
  m_PrefabAsset: {fileID: 0}
  m_GameObject: {fileID: 483248787}
  m_Enabled: 1
  m_Density: 1
  m_Material: {fileID: 6200000, guid: f29df55ea4462754db9db9714e5688c2, type: 2}
  m_IsTrigger: 0
  m_UsedByEffector: 0
  m_UsedByComposite: 1
  m_Offset: {x: 0, y: 0}
  m_MaximumTileChangeCount: 1000
  m_ExtrusionFactor: 0.00001
--- !u!483693784 &483248792
TilemapRenderer:
  m_ObjectHideFlags: 0
  m_CorrespondingSourceObject: {fileID: 0}
  m_PrefabInstance: {fileID: 0}
  m_PrefabAsset: {fileID: 0}
  m_GameObject: {fileID: 483248787}
  m_Enabled: 1
  m_CastShadows: 0
  m_ReceiveShadows: 0
  m_DynamicOccludee: 1
  m_MotionVectors: 1
  m_LightProbeUsage: 0
  m_ReflectionProbeUsage: 0
  m_RenderingLayerMask: 1
  m_RendererPriority: 0
  m_Materials:
  - {fileID: 10754, guid: 0000000000000000f000000000000000, type: 0}
  m_StaticBatchInfo:
    firstSubMesh: 0
    subMeshCount: 0
  m_StaticBatchRoot: {fileID: 0}
  m_ProbeAnchor: {fileID: 0}
  m_LightProbeVolumeOverride: {fileID: 0}
  m_ScaleInLightmap: 1
  m_ReceiveGI: 1
  m_PreserveUVs: 0
  m_IgnoreNormalsForChartDetection: 0
  m_ImportantGI: 0
  m_StitchLightmapSeams: 1
  m_SelectedEditorRenderState: 0
  m_MinimumChartSize: 4
  m_AutoUVMaxDistance: 0.5
  m_AutoUVMaxAngle: 89
  m_LightmapParameters: {fileID: 0}
  m_SortingLayerID: 0
  m_SortingLayer: 0
  m_SortingOrder: 0
  m_ChunkSize: {x: 32, y: 32, z: 32}
  m_ChunkCullingBounds: {x: 0.046875, y: 0.046875, z: 0}
  m_MaxChunkCount: 16
  m_MaxFrameAge: 16
  m_SortOrder: 0
  m_Mode: 0
  m_DetectChunkCullingBounds: 0
  m_MaskInteraction: 0
--- !u!1839735485 &483248793
Tilemap:
  m_ObjectHideFlags: 0
  m_CorrespondingSourceObject: {fileID: 0}
  m_PrefabInstance: {fileID: 0}
  m_PrefabAsset: {fileID: 0}
  m_GameObject: {fileID: 483248787}
  m_Enabled: 1
  m_Tiles:
  - first: {x: -3, y: -7, z: 0}
    second:
      m_TileIndex: 8
      m_TileSpriteIndex: 8
      m_TileMatrixIndex: 0
      m_TileColorIndex: 0
      m_ObjectToInstantiate: {fileID: 0}
      m_TileFlags: 1
      m_ColliderType: 1
  - first: {x: -2, y: -7, z: 0}
    second:
      m_TileIndex: 9
      m_TileSpriteIndex: 9
      m_TileMatrixIndex: 0
      m_TileColorIndex: 0
      m_ObjectToInstantiate: {fileID: 0}
      m_TileFlags: 1
      m_ColliderType: 1
  - first: {x: -1, y: -7, z: 0}
    second:
      m_TileIndex: 6
      m_TileSpriteIndex: 6
      m_TileMatrixIndex: 0
      m_TileColorIndex: 0
      m_ObjectToInstantiate: {fileID: 0}
      m_TileFlags: 1
      m_ColliderType: 1
  - first: {x: 0, y: -7, z: 0}
    second:
      m_TileIndex: 6
      m_TileSpriteIndex: 6
      m_TileMatrixIndex: 0
      m_TileColorIndex: 0
      m_ObjectToInstantiate: {fileID: 0}
      m_TileFlags: 1
      m_ColliderType: 1
  - first: {x: 1, y: -7, z: 0}
    second:
      m_TileIndex: 5
      m_TileSpriteIndex: 5
      m_TileMatrixIndex: 0
      m_TileColorIndex: 0
      m_ObjectToInstantiate: {fileID: 0}
      m_TileFlags: 1
      m_ColliderType: 1
  - first: {x: 2, y: -7, z: 0}
    second:
      m_TileIndex: 6
      m_TileSpriteIndex: 6
      m_TileMatrixIndex: 0
      m_TileColorIndex: 0
      m_ObjectToInstantiate: {fileID: 0}
      m_TileFlags: 1
      m_ColliderType: 1
  - first: {x: 3, y: -7, z: 0}
    second:
      m_TileIndex: 6
      m_TileSpriteIndex: 6
      m_TileMatrixIndex: 0
      m_TileColorIndex: 0
      m_ObjectToInstantiate: {fileID: 0}
      m_TileFlags: 1
      m_ColliderType: 1
  - first: {x: 4, y: -7, z: 0}
    second:
      m_TileIndex: 6
      m_TileSpriteIndex: 6
      m_TileMatrixIndex: 0
      m_TileColorIndex: 0
      m_ObjectToInstantiate: {fileID: 0}
      m_TileFlags: 1
      m_ColliderType: 1
  - first: {x: -3, y: -6, z: 0}
    second:
      m_TileIndex: 9
      m_TileSpriteIndex: 9
      m_TileMatrixIndex: 0
      m_TileColorIndex: 0
      m_ObjectToInstantiate: {fileID: 0}
      m_TileFlags: 1
      m_ColliderType: 1
  - first: {x: -2, y: -6, z: 0}
    second:
      m_TileIndex: 10
      m_TileSpriteIndex: 10
      m_TileMatrixIndex: 0
      m_TileColorIndex: 0
      m_ObjectToInstantiate: {fileID: 0}
      m_TileFlags: 1
      m_ColliderType: 1
  - first: {x: -3, y: -5, z: 0}
    second:
      m_TileIndex: 10
      m_TileSpriteIndex: 10
      m_TileMatrixIndex: 0
      m_TileColorIndex: 0
      m_ObjectToInstantiate: {fileID: 0}
      m_TileFlags: 1
      m_ColliderType: 1
  - first: {x: -1, y: -4, z: 0}
    second:
      m_TileIndex: 7
      m_TileSpriteIndex: 7
      m_TileMatrixIndex: 0
      m_TileColorIndex: 0
      m_ObjectToInstantiate: {fileID: 0}
      m_TileFlags: 1
      m_ColliderType: 1
  - first: {x: 0, y: -4, z: 0}
    second:
      m_TileIndex: 8
      m_TileSpriteIndex: 8
      m_TileMatrixIndex: 0
      m_TileColorIndex: 0
      m_ObjectToInstantiate: {fileID: 0}
      m_TileFlags: 1
      m_ColliderType: 1
  - first: {x: 0, y: -3, z: 0}
    second:
      m_TileIndex: 7
      m_TileSpriteIndex: 7
      m_TileMatrixIndex: 0
      m_TileColorIndex: 0
      m_ObjectToInstantiate: {fileID: 0}
      m_TileFlags: 1
      m_ColliderType: 1
  - first: {x: -3, y: 1, z: 0}
    second:
      m_TileIndex: 8
      m_TileSpriteIndex: 8
      m_TileMatrixIndex: 0
      m_TileColorIndex: 0
      m_ObjectToInstantiate: {fileID: 0}
      m_TileFlags: 1
      m_ColliderType: 1
  - first: {x: -2, y: 1, z: 0}
    second:
      m_TileIndex: 10
      m_TileSpriteIndex: 10
      m_TileMatrixIndex: 0
      m_TileColorIndex: 0
      m_ObjectToInstantiate: {fileID: 0}
      m_TileFlags: 1
      m_ColliderType: 1
  - first: {x: -3, y: 2, z: 0}
    second:
      m_TileIndex: 10
      m_TileSpriteIndex: 10
      m_TileMatrixIndex: 0
      m_TileColorIndex: 0
      m_ObjectToInstantiate: {fileID: 0}
      m_TileFlags: 1
      m_ColliderType: 1
  m_AnimatedTiles: {}
  m_TileAssetArray:
  - m_RefCount: 0
    m_Data: {fileID: 0}
  - m_RefCount: 0
    m_Data: {fileID: 0}
  - m_RefCount: 0
    m_Data: {fileID: 0}
  - m_RefCount: 0
    m_Data: {fileID: 0}
  - m_RefCount: 0
    m_Data: {fileID: 0}
  - m_RefCount: 1
    m_Data: {fileID: 11400000, guid: 3c15d2aa297bc7e43bba4357a150d587, type: 2}
  - m_RefCount: 5
    m_Data: {fileID: 11400000, guid: f83047dc48acbbd4391fa3c351fbd313, type: 2}
  - m_RefCount: 2
    m_Data: {fileID: 11400000, guid: 0e334a7fb6f79cf4aaa01ea3606e6085, type: 2}
  - m_RefCount: 3
    m_Data: {fileID: 11400000, guid: a8d7bd0fcb7067e4fbac12b866b8f4a9, type: 2}
  - m_RefCount: 2
    m_Data: {fileID: 11400000, guid: f5e611cfddc6e5745b8900a97aad3354, type: 2}
  - m_RefCount: 4
    m_Data: {fileID: 11400000, guid: a9d9d3fdba3ea8b458699a95c21af19f, type: 2}
  m_TileSpriteArray:
  - m_RefCount: 0
    m_Data: {fileID: 0}
  - m_RefCount: 0
    m_Data: {fileID: 0}
  - m_RefCount: 0
    m_Data: {fileID: 0}
  - m_RefCount: 0
    m_Data: {fileID: 0}
  - m_RefCount: 0
    m_Data: {fileID: 0}
  - m_RefCount: 1
    m_Data: {fileID: 1099792972580552048, guid: 63c857cfc7f88864298b76ae5bbfe7d9,
      type: 3}
  - m_RefCount: 5
    m_Data: {fileID: -3515090944904320775, guid: 63c857cfc7f88864298b76ae5bbfe7d9,
      type: 3}
  - m_RefCount: 2
    m_Data: {fileID: -7046114690025375335, guid: 63c857cfc7f88864298b76ae5bbfe7d9,
      type: 3}
  - m_RefCount: 3
    m_Data: {fileID: 6744677850816432832, guid: 63c857cfc7f88864298b76ae5bbfe7d9,
      type: 3}
  - m_RefCount: 2
    m_Data: {fileID: -4379233246968791251, guid: 63c857cfc7f88864298b76ae5bbfe7d9,
      type: 3}
  - m_RefCount: 4
    m_Data: {fileID: 3268675256125745846, guid: 63c857cfc7f88864298b76ae5bbfe7d9,
      type: 3}
  m_TileMatrixArray:
  - m_RefCount: 17
    m_Data:
      e00: 1
      e01: 0
      e02: 0
      e03: 0
      e10: 0
      e11: 1
      e12: 0
      e13: 0
      e20: 0
      e21: 0
      e22: 1
      e23: 0
      e30: 0
      e31: 0
      e32: 0
      e33: 1
  m_TileColorArray:
  - m_RefCount: 17
    m_Data: {r: 1, g: 1, b: 1, a: 1}
  m_AnimationFrameRate: 1
  m_Color: {r: 1, g: 1, b: 1, a: 1}
  m_Origin: {x: -35, y: -76, z: 0}
  m_Size: {x: 120, y: 87, z: 1}
  m_TileAnchor: {x: 0.5, y: 0.5, z: 0}
  m_TileOrientation: 0
  m_TileOrientationMatrix:
    e00: 1
    e01: 0
    e02: 0
    e03: 0
    e10: 0
    e11: 1
    e12: 0
    e13: 0
    e20: 0
    e21: 0
    e22: 1
    e23: 0
    e30: 0
    e31: 0
    e32: 0
    e33: 1
--- !u!1001 &524642662
PrefabInstance:
  m_ObjectHideFlags: 0
  serializedVersion: 2
  m_Modification:
    m_TransformParent: {fileID: 0}
    m_Modifications:
    - target: {fileID: 7848733496873674858, guid: 0ca376e02007a234c9b3072ed4be787c,
        type: 3}
      propertyPath: m_Name
      value: treesAndClouds_2
      objectReference: {fileID: 0}
    - target: {fileID: 7848733496873674856, guid: 0ca376e02007a234c9b3072ed4be787c,
        type: 3}
      propertyPath: m_LocalPosition.x
      value: -16.518803
      objectReference: {fileID: 0}
    - target: {fileID: 7848733496873674856, guid: 0ca376e02007a234c9b3072ed4be787c,
        type: 3}
      propertyPath: m_LocalPosition.y
      value: 7.608898
      objectReference: {fileID: 0}
    - target: {fileID: 7848733496873674856, guid: 0ca376e02007a234c9b3072ed4be787c,
        type: 3}
      propertyPath: m_LocalPosition.z
      value: 0
      objectReference: {fileID: 0}
    - target: {fileID: 7848733496873674856, guid: 0ca376e02007a234c9b3072ed4be787c,
        type: 3}
      propertyPath: m_LocalRotation.x
      value: 0
      objectReference: {fileID: 0}
    - target: {fileID: 7848733496873674856, guid: 0ca376e02007a234c9b3072ed4be787c,
        type: 3}
      propertyPath: m_LocalRotation.y
      value: 0
      objectReference: {fileID: 0}
    - target: {fileID: 7848733496873674856, guid: 0ca376e02007a234c9b3072ed4be787c,
        type: 3}
      propertyPath: m_LocalRotation.z
      value: 0
      objectReference: {fileID: 0}
    - target: {fileID: 7848733496873674856, guid: 0ca376e02007a234c9b3072ed4be787c,
        type: 3}
      propertyPath: m_LocalRotation.w
      value: 1
      objectReference: {fileID: 0}
    - target: {fileID: 7848733496873674856, guid: 0ca376e02007a234c9b3072ed4be787c,
        type: 3}
      propertyPath: m_RootOrder
      value: 2
      objectReference: {fileID: 0}
    - target: {fileID: 7848733496873674856, guid: 0ca376e02007a234c9b3072ed4be787c,
        type: 3}
      propertyPath: m_LocalEulerAnglesHint.x
      value: 0
      objectReference: {fileID: 0}
    - target: {fileID: 7848733496873674856, guid: 0ca376e02007a234c9b3072ed4be787c,
        type: 3}
      propertyPath: m_LocalEulerAnglesHint.y
      value: 0
      objectReference: {fileID: 0}
    - target: {fileID: 7848733496873674856, guid: 0ca376e02007a234c9b3072ed4be787c,
        type: 3}
      propertyPath: m_LocalEulerAnglesHint.z
      value: 0
      objectReference: {fileID: 0}
    m_RemovedComponents: []
  m_SourcePrefab: {fileID: 100100000, guid: 0ca376e02007a234c9b3072ed4be787c, type: 3}
--- !u!1 &724453621
GameObject:
  m_ObjectHideFlags: 0
  m_CorrespondingSourceObject: {fileID: 0}
  m_PrefabInstance: {fileID: 0}
  m_PrefabAsset: {fileID: 0}
  serializedVersion: 6
  m_Component:
  - component: {fileID: 724453622}
  - component: {fileID: 724453625}
  - component: {fileID: 724453624}
  - component: {fileID: 724453623}
  - component: {fileID: 724453627}
  - component: {fileID: 724453626}
  m_Layer: 9
  m_Name: Solid
  m_TagString: Untagged
  m_Icon: {fileID: 0}
  m_NavMeshLayer: 0
  m_StaticEditorFlags: 0
  m_IsActive: 1
--- !u!4 &724453622
Transform:
  m_ObjectHideFlags: 0
  m_CorrespondingSourceObject: {fileID: 0}
  m_PrefabInstance: {fileID: 0}
  m_PrefabAsset: {fileID: 0}
  m_GameObject: {fileID: 724453621}
  m_LocalRotation: {x: -0, y: -0, z: -0, w: 1}
  m_LocalPosition: {x: 0, y: 0, z: 0}
  m_LocalScale: {x: 1, y: 1, z: 1}
  m_Children: []
  m_Father: {fileID: 960194558}
  m_RootOrder: 1
  m_LocalEulerAnglesHint: {x: 0, y: 0, z: 0}
--- !u!19719996 &724453623
TilemapCollider2D:
  m_ObjectHideFlags: 0
  m_CorrespondingSourceObject: {fileID: 0}
  m_PrefabInstance: {fileID: 0}
  m_PrefabAsset: {fileID: 0}
  m_GameObject: {fileID: 724453621}
  m_Enabled: 1
  m_Density: 1
  m_Material: {fileID: 6200000, guid: f29df55ea4462754db9db9714e5688c2, type: 2}
  m_IsTrigger: 0
  m_UsedByEffector: 0
  m_UsedByComposite: 1
  m_Offset: {x: 0, y: 0}
  m_MaximumTileChangeCount: 1000
  m_ExtrusionFactor: 0.00001
--- !u!483693784 &724453624
TilemapRenderer:
  m_ObjectHideFlags: 0
  m_CorrespondingSourceObject: {fileID: 0}
  m_PrefabInstance: {fileID: 0}
  m_PrefabAsset: {fileID: 0}
  m_GameObject: {fileID: 724453621}
  m_Enabled: 1
  m_CastShadows: 0
  m_ReceiveShadows: 0
  m_DynamicOccludee: 1
  m_MotionVectors: 1
  m_LightProbeUsage: 0
  m_ReflectionProbeUsage: 0
  m_RenderingLayerMask: 1
  m_RendererPriority: 0
  m_Materials:
  - {fileID: 10754, guid: 0000000000000000f000000000000000, type: 0}
  m_StaticBatchInfo:
    firstSubMesh: 0
    subMeshCount: 0
  m_StaticBatchRoot: {fileID: 0}
  m_ProbeAnchor: {fileID: 0}
  m_LightProbeVolumeOverride: {fileID: 0}
  m_ScaleInLightmap: 1
  m_ReceiveGI: 1
  m_PreserveUVs: 0
  m_IgnoreNormalsForChartDetection: 0
  m_ImportantGI: 0
  m_StitchLightmapSeams: 1
  m_SelectedEditorRenderState: 0
  m_MinimumChartSize: 4
  m_AutoUVMaxDistance: 0.5
  m_AutoUVMaxAngle: 89
  m_LightmapParameters: {fileID: 0}
  m_SortingLayerID: 0
  m_SortingLayer: 0
  m_SortingOrder: 0
  m_ChunkSize: {x: 32, y: 32, z: 32}
  m_ChunkCullingBounds: {x: 0.046875, y: 0.046875, z: 0}
  m_MaxChunkCount: 16
  m_MaxFrameAge: 16
  m_SortOrder: 0
  m_Mode: 0
  m_DetectChunkCullingBounds: 0
  m_MaskInteraction: 0
--- !u!1839735485 &724453625
Tilemap:
  m_ObjectHideFlags: 0
  m_CorrespondingSourceObject: {fileID: 0}
  m_PrefabInstance: {fileID: 0}
  m_PrefabAsset: {fileID: 0}
  m_GameObject: {fileID: 724453621}
  m_Enabled: 1
  m_Tiles:
  - first: {x: -4, y: -7, z: 0}
    second:
      m_TileIndex: 4
      m_TileSpriteIndex: 4
      m_TileMatrixIndex: 0
      m_TileColorIndex: 0
      m_ObjectToInstantiate: {fileID: 0}
      m_TileFlags: 1
      m_ColliderType: 1
  - first: {x: -1, y: -7, z: 0}
    second:
      m_TileIndex: 0
      m_TileSpriteIndex: 0
      m_TileMatrixIndex: 0
      m_TileColorIndex: 0
      m_ObjectToInstantiate: {fileID: 0}
      m_TileFlags: 1
      m_ColliderType: 1
  - first: {x: 0, y: -7, z: 0}
    second:
      m_TileIndex: 0
      m_TileSpriteIndex: 0
      m_TileMatrixIndex: 0
      m_TileColorIndex: 0
      m_ObjectToInstantiate: {fileID: 0}
      m_TileFlags: 1
      m_ColliderType: 1
  - first: {x: 5, y: -7, z: 0}
    second:
      m_TileIndex: 2
      m_TileSpriteIndex: 2
      m_TileMatrixIndex: 0
      m_TileColorIndex: 0
      m_ObjectToInstantiate: {fileID: 0}
      m_TileFlags: 1
      m_ColliderType: 1
  - first: {x: -4, y: -6, z: 0}
    second:
      m_TileIndex: 4
      m_TileSpriteIndex: 4
      m_TileMatrixIndex: 0
      m_TileColorIndex: 0
      m_ObjectToInstantiate: {fileID: 0}
      m_TileFlags: 1
      m_ColliderType: 1
  - first: {x: 5, y: -6, z: 0}
    second:
      m_TileIndex: 2
      m_TileSpriteIndex: 2
      m_TileMatrixIndex: 0
      m_TileColorIndex: 0
      m_ObjectToInstantiate: {fileID: 0}
      m_TileFlags: 1
      m_ColliderType: 1
  - first: {x: -4, y: -5, z: 0}
    second:
      m_TileIndex: 4
      m_TileSpriteIndex: 4
      m_TileMatrixIndex: 0
      m_TileColorIndex: 0
      m_ObjectToInstantiate: {fileID: 0}
      m_TileFlags: 1
      m_ColliderType: 1
  - first: {x: 1, y: -5, z: 0}
    second:
      m_TileIndex: 2
      m_TileSpriteIndex: 2
      m_TileMatrixIndex: 0
      m_TileColorIndex: 0
      m_ObjectToInstantiate: {fileID: 0}
      m_TileFlags: 1
      m_ColliderType: 1
  - first: {x: 2, y: -5, z: 0}
    second:
      m_TileIndex: 5
      m_TileSpriteIndex: 5
      m_TileMatrixIndex: 0
      m_TileColorIndex: 0
      m_ObjectToInstantiate: {fileID: 0}
      m_TileFlags: 1
      m_ColliderType: 1
  - first: {x: 3, y: -5, z: 0}
    second:
      m_TileIndex: 5
      m_TileSpriteIndex: 5
      m_TileMatrixIndex: 0
      m_TileColorIndex: 0
      m_ObjectToInstantiate: {fileID: 0}
      m_TileFlags: 1
      m_ColliderType: 1
  - first: {x: 4, y: -5, z: 0}
    second:
      m_TileIndex: 5
      m_TileSpriteIndex: 5
      m_TileMatrixIndex: 0
      m_TileColorIndex: 0
      m_ObjectToInstantiate: {fileID: 0}
      m_TileFlags: 1
      m_ColliderType: 1
  - first: {x: 5, y: -5, z: 0}
    second:
      m_TileIndex: 2
      m_TileSpriteIndex: 2
      m_TileMatrixIndex: 0
      m_TileColorIndex: 0
      m_ObjectToInstantiate: {fileID: 0}
      m_TileFlags: 1
      m_ColliderType: 1
  - first: {x: -4, y: -4, z: 0}
    second:
      m_TileIndex: 4
      m_TileSpriteIndex: 4
      m_TileMatrixIndex: 0
      m_TileColorIndex: 0
      m_ObjectToInstantiate: {fileID: 0}
      m_TileFlags: 1
      m_ColliderType: 1
  - first: {x: 0, y: -4, z: 0}
    second:
      m_TileIndex: 8
      m_TileSpriteIndex: 8
      m_TileMatrixIndex: 0
      m_TileColorIndex: 0
      m_ObjectToInstantiate: {fileID: 0}
      m_TileFlags: 1
      m_ColliderType: 1
  - first: {x: 1, y: -4, z: 0}
    second:
      m_TileIndex: 2
      m_TileSpriteIndex: 2
      m_TileMatrixIndex: 0
      m_TileColorIndex: 0
      m_ObjectToInstantiate: {fileID: 0}
      m_TileFlags: 1
      m_ColliderType: 1
  - first: {x: 5, y: -4, z: 0}
    second:
      m_TileIndex: 6
      m_TileSpriteIndex: 3
      m_TileMatrixIndex: 0
      m_TileColorIndex: 0
      m_ObjectToInstantiate: {fileID: 0}
      m_TileFlags: 1
      m_ColliderType: 1
  - first: {x: -4, y: -3, z: 0}
    second:
      m_TileIndex: 4
      m_TileSpriteIndex: 4
      m_TileMatrixIndex: 0
      m_TileColorIndex: 0
      m_ObjectToInstantiate: {fileID: 0}
      m_TileFlags: 1
      m_ColliderType: 1
  - first: {x: 1, y: -3, z: 0}
    second:
      m_TileIndex: 2
      m_TileSpriteIndex: 2
      m_TileMatrixIndex: 0
      m_TileColorIndex: 0
      m_ObjectToInstantiate: {fileID: 0}
      m_TileFlags: 1
      m_ColliderType: 1
  - first: {x: 5, y: -3, z: 0}
    second:
      m_TileIndex: 6
      m_TileSpriteIndex: 3
      m_TileMatrixIndex: 0
      m_TileColorIndex: 0
      m_ObjectToInstantiate: {fileID: 0}
      m_TileFlags: 1
      m_ColliderType: 1
  - first: {x: -4, y: -2, z: 0}
    second:
      m_TileIndex: 4
      m_TileSpriteIndex: 4
      m_TileMatrixIndex: 0
      m_TileColorIndex: 0
      m_ObjectToInstantiate: {fileID: 0}
      m_TileFlags: 1
      m_ColliderType: 1
  - first: {x: 1, y: -2, z: 0}
    second:
      m_TileIndex: 2
      m_TileSpriteIndex: 2
      m_TileMatrixIndex: 0
      m_TileColorIndex: 0
      m_ObjectToInstantiate: {fileID: 0}
      m_TileFlags: 1
      m_ColliderType: 1
  - first: {x: 5, y: -2, z: 0}
    second:
      m_TileIndex: 6
      m_TileSpriteIndex: 3
      m_TileMatrixIndex: 0
      m_TileColorIndex: 0
      m_ObjectToInstantiate: {fileID: 0}
      m_TileFlags: 1
      m_ColliderType: 1
  - first: {x: -4, y: -1, z: 0}
    second:
      m_TileIndex: 4
      m_TileSpriteIndex: 4
      m_TileMatrixIndex: 0
      m_TileColorIndex: 0
      m_ObjectToInstantiate: {fileID: 0}
      m_TileFlags: 1
      m_ColliderType: 1
  - first: {x: 1, y: -1, z: 0}
    second:
      m_TileIndex: 2
      m_TileSpriteIndex: 2
      m_TileMatrixIndex: 0
      m_TileColorIndex: 0
      m_ObjectToInstantiate: {fileID: 0}
      m_TileFlags: 1
      m_ColliderType: 1
  - first: {x: 5, y: -1, z: 0}
    second:
      m_TileIndex: 6
      m_TileSpriteIndex: 3
      m_TileMatrixIndex: 0
      m_TileColorIndex: 0
      m_ObjectToInstantiate: {fileID: 0}
      m_TileFlags: 1
      m_ColliderType: 1
  - first: {x: -4, y: 0, z: 0}
    second:
      m_TileIndex: 4
      m_TileSpriteIndex: 4
      m_TileMatrixIndex: 0
      m_TileColorIndex: 0
      m_ObjectToInstantiate: {fileID: 0}
      m_TileFlags: 1
      m_ColliderType: 1
  - first: {x: 1, y: 0, z: 0}
    second:
      m_TileIndex: 4
      m_TileSpriteIndex: 4
      m_TileMatrixIndex: 0
      m_TileColorIndex: 0
      m_ObjectToInstantiate: {fileID: 0}
      m_TileFlags: 1
      m_ColliderType: 1
  - first: {x: 5, y: 0, z: 0}
    second:
      m_TileIndex: 6
      m_TileSpriteIndex: 3
      m_TileMatrixIndex: 0
      m_TileColorIndex: 0
      m_ObjectToInstantiate: {fileID: 0}
      m_TileFlags: 1
      m_ColliderType: 1
  - first: {x: -4, y: 1, z: 0}
    second:
      m_TileIndex: 2
      m_TileSpriteIndex: 2
      m_TileMatrixIndex: 0
      m_TileColorIndex: 0
      m_ObjectToInstantiate: {fileID: 0}
      m_TileFlags: 1
      m_ColliderType: 1
  - first: {x: -3, y: 1, z: 0}
    second:
      m_TileIndex: 7
      m_TileSpriteIndex: 7
      m_TileMatrixIndex: 0
      m_TileColorIndex: 0
      m_ObjectToInstantiate: {fileID: 0}
      m_TileFlags: 1
      m_ColliderType: 1
  - first: {x: 1, y: 1, z: 0}
    second:
      m_TileIndex: 4
      m_TileSpriteIndex: 4
      m_TileMatrixIndex: 0
      m_TileColorIndex: 0
      m_ObjectToInstantiate: {fileID: 0}
      m_TileFlags: 1
      m_ColliderType: 1
  - first: {x: 5, y: 1, z: 0}
    second:
      m_TileIndex: 6
      m_TileSpriteIndex: 3
      m_TileMatrixIndex: 0
      m_TileColorIndex: 0
      m_ObjectToInstantiate: {fileID: 0}
      m_TileFlags: 1
      m_ColliderType: 1
  - first: {x: -4, y: 2, z: 0}
    second:
      m_TileIndex: 2
      m_TileSpriteIndex: 2
      m_TileMatrixIndex: 0
      m_TileColorIndex: 0
      m_ObjectToInstantiate: {fileID: 0}
      m_TileFlags: 1
      m_ColliderType: 1
  - first: {x: 1, y: 2, z: 0}
    second:
      m_TileIndex: 4
      m_TileSpriteIndex: 4
      m_TileMatrixIndex: 0
      m_TileColorIndex: 0
      m_ObjectToInstantiate: {fileID: 0}
      m_TileFlags: 1
      m_ColliderType: 1
  - first: {x: 5, y: 2, z: 0}
    second:
      m_TileIndex: 6
      m_TileSpriteIndex: 3
      m_TileMatrixIndex: 0
      m_TileColorIndex: 0
      m_ObjectToInstantiate: {fileID: 0}
      m_TileFlags: 1
      m_ColliderType: 1
  - first: {x: -4, y: 3, z: 0}
    second:
      m_TileIndex: 2
      m_TileSpriteIndex: 2
      m_TileMatrixIndex: 0
      m_TileColorIndex: 0
      m_ObjectToInstantiate: {fileID: 0}
      m_TileFlags: 1
      m_ColliderType: 1
  - first: {x: 1, y: 3, z: 0}
    second:
      m_TileIndex: 4
      m_TileSpriteIndex: 4
      m_TileMatrixIndex: 0
      m_TileColorIndex: 0
      m_ObjectToInstantiate: {fileID: 0}
      m_TileFlags: 1
      m_ColliderType: 1
  - first: {x: 5, y: 3, z: 0}
    second:
      m_TileIndex: 6
      m_TileSpriteIndex: 3
      m_TileMatrixIndex: 0
      m_TileColorIndex: 0
      m_ObjectToInstantiate: {fileID: 0}
      m_TileFlags: 1
      m_ColliderType: 1
  - first: {x: -4, y: 4, z: 0}
    second:
      m_TileIndex: 2
      m_TileSpriteIndex: 2
      m_TileMatrixIndex: 0
      m_TileColorIndex: 0
      m_ObjectToInstantiate: {fileID: 0}
      m_TileFlags: 1
      m_ColliderType: 1
  - first: {x: 1, y: 4, z: 0}
    second:
      m_TileIndex: 3
      m_TileSpriteIndex: 6
      m_TileMatrixIndex: 0
      m_TileColorIndex: 0
      m_ObjectToInstantiate: {fileID: 0}
      m_TileFlags: 1
      m_ColliderType: 1
  - first: {x: 5, y: 4, z: 0}
    second:
      m_TileIndex: 6
      m_TileSpriteIndex: 3
      m_TileMatrixIndex: 0
      m_TileColorIndex: 0
      m_ObjectToInstantiate: {fileID: 0}
      m_TileFlags: 1
      m_ColliderType: 1
  - first: {x: -4, y: 5, z: 0}
    second:
      m_TileIndex: 2
      m_TileSpriteIndex: 2
      m_TileMatrixIndex: 0
      m_TileColorIndex: 0
      m_ObjectToInstantiate: {fileID: 0}
      m_TileFlags: 1
      m_ColliderType: 1
  - first: {x: 5, y: 5, z: 0}
    second:
      m_TileIndex: 6
      m_TileSpriteIndex: 3
      m_TileMatrixIndex: 0
      m_TileColorIndex: 0
      m_ObjectToInstantiate: {fileID: 0}
      m_TileFlags: 1
      m_ColliderType: 1
  - first: {x: -4, y: 6, z: 0}
    second:
      m_TileIndex: 4
      m_TileSpriteIndex: 4
      m_TileMatrixIndex: 0
      m_TileColorIndex: 0
      m_ObjectToInstantiate: {fileID: 0}
      m_TileFlags: 1
      m_ColliderType: 1
  - first: {x: 5, y: 6, z: 0}
    second:
      m_TileIndex: 6
      m_TileSpriteIndex: 3
      m_TileMatrixIndex: 0
      m_TileColorIndex: 0
      m_ObjectToInstantiate: {fileID: 0}
      m_TileFlags: 1
      m_ColliderType: 1
  - first: {x: -4, y: 7, z: 0}
    second:
      m_TileIndex: 5
      m_TileSpriteIndex: 5
      m_TileMatrixIndex: 0
      m_TileColorIndex: 0
      m_ObjectToInstantiate: {fileID: 0}
      m_TileFlags: 1
      m_ColliderType: 1
  - first: {x: -3, y: 7, z: 0}
    second:
      m_TileIndex: 5
      m_TileSpriteIndex: 5
      m_TileMatrixIndex: 0
      m_TileColorIndex: 0
      m_ObjectToInstantiate: {fileID: 0}
      m_TileFlags: 1
      m_ColliderType: 1
  - first: {x: -2, y: 7, z: 0}
    second:
      m_TileIndex: 5
      m_TileSpriteIndex: 5
      m_TileMatrixIndex: 0
      m_TileColorIndex: 0
      m_ObjectToInstantiate: {fileID: 0}
      m_TileFlags: 1
      m_ColliderType: 1
  - first: {x: -1, y: 7, z: 0}
    second:
      m_TileIndex: 5
      m_TileSpriteIndex: 5
      m_TileMatrixIndex: 0
      m_TileColorIndex: 0
      m_ObjectToInstantiate: {fileID: 0}
      m_TileFlags: 1
      m_ColliderType: 1
  - first: {x: 0, y: 7, z: 0}
    second:
      m_TileIndex: 5
      m_TileSpriteIndex: 5
      m_TileMatrixIndex: 0
      m_TileColorIndex: 0
      m_ObjectToInstantiate: {fileID: 0}
      m_TileFlags: 1
      m_ColliderType: 1
  - first: {x: 1, y: 7, z: 0}
    second:
      m_TileIndex: 2
      m_TileSpriteIndex: 2
      m_TileMatrixIndex: 0
      m_TileColorIndex: 0
      m_ObjectToInstantiate: {fileID: 0}
      m_TileFlags: 1
      m_ColliderType: 1
  - first: {x: 5, y: 7, z: 0}
    second:
      m_TileIndex: 6
      m_TileSpriteIndex: 3
      m_TileMatrixIndex: 0
      m_TileColorIndex: 0
      m_ObjectToInstantiate: {fileID: 0}
      m_TileFlags: 1
      m_ColliderType: 1
  - first: {x: 1, y: 8, z: 0}
    second:
      m_TileIndex: 2
      m_TileSpriteIndex: 2
      m_TileMatrixIndex: 0
      m_TileColorIndex: 0
      m_ObjectToInstantiate: {fileID: 0}
      m_TileFlags: 1
      m_ColliderType: 1
  - first: {x: 5, y: 8, z: 0}
    second:
      m_TileIndex: 6
      m_TileSpriteIndex: 3
      m_TileMatrixIndex: 0
      m_TileColorIndex: 0
      m_ObjectToInstantiate: {fileID: 0}
      m_TileFlags: 1
      m_ColliderType: 1
  - first: {x: 1, y: 9, z: 0}
    second:
      m_TileIndex: 2
      m_TileSpriteIndex: 2
      m_TileMatrixIndex: 0
      m_TileColorIndex: 0
      m_ObjectToInstantiate: {fileID: 0}
      m_TileFlags: 1
      m_ColliderType: 1
  - first: {x: 5, y: 9, z: 0}
    second:
      m_TileIndex: 6
      m_TileSpriteIndex: 3
      m_TileMatrixIndex: 0
      m_TileColorIndex: 0
      m_ObjectToInstantiate: {fileID: 0}
      m_TileFlags: 1
      m_ColliderType: 1
  - first: {x: 1, y: 10, z: 0}
    second:
      m_TileIndex: 2
      m_TileSpriteIndex: 2
      m_TileMatrixIndex: 0
      m_TileColorIndex: 0
      m_ObjectToInstantiate: {fileID: 0}
      m_TileFlags: 1
      m_ColliderType: 1
  - first: {x: 5, y: 10, z: 0}
    second:
      m_TileIndex: 6
      m_TileSpriteIndex: 3
      m_TileMatrixIndex: 0
      m_TileColorIndex: 0
      m_ObjectToInstantiate: {fileID: 0}
      m_TileFlags: 1
      m_ColliderType: 1
  - first: {x: 1, y: 11, z: 0}
    second:
      m_TileIndex: 5
      m_TileSpriteIndex: 5
      m_TileMatrixIndex: 0
      m_TileColorIndex: 0
      m_ObjectToInstantiate: {fileID: 0}
      m_TileFlags: 1
      m_ColliderType: 1
  - first: {x: 2, y: 11, z: 0}
    second:
      m_TileIndex: 5
      m_TileSpriteIndex: 5
      m_TileMatrixIndex: 0
      m_TileColorIndex: 0
      m_ObjectToInstantiate: {fileID: 0}
      m_TileFlags: 1
      m_ColliderType: 1
  - first: {x: 3, y: 11, z: 0}
    second:
      m_TileIndex: 5
      m_TileSpriteIndex: 5
      m_TileMatrixIndex: 0
      m_TileColorIndex: 0
      m_ObjectToInstantiate: {fileID: 0}
      m_TileFlags: 1
      m_ColliderType: 1
  - first: {x: 4, y: 11, z: 0}
    second:
      m_TileIndex: 5
      m_TileSpriteIndex: 5
      m_TileMatrixIndex: 0
      m_TileColorIndex: 0
      m_ObjectToInstantiate: {fileID: 0}
      m_TileFlags: 1
      m_ColliderType: 1
  - first: {x: 5, y: 11, z: 0}
    second:
      m_TileIndex: 5
      m_TileSpriteIndex: 5
      m_TileMatrixIndex: 0
      m_TileColorIndex: 0
      m_ObjectToInstantiate: {fileID: 0}
      m_TileFlags: 1
      m_ColliderType: 1
  m_AnimatedTiles: {}
  m_TileAssetArray:
  - m_RefCount: 2
    m_Data: {fileID: 11400000, guid: f83047dc48acbbd4391fa3c351fbd313, type: 2}
  - m_RefCount: 0
    m_Data: {fileID: 0}
  - m_RefCount: 17
    m_Data: {fileID: 11400000, guid: abee72eec7d53ca4288eb9aca99ca192, type: 2}
  - m_RefCount: 1
    m_Data: {fileID: 11400000, guid: 7d3c21955cb2df144b1fcdd37d534eed, type: 2}
  - m_RefCount: 13
    m_Data: {fileID: 11400000, guid: bd84924b9539baf459c54a6cd44c4b86, type: 2}
  - m_RefCount: 13
    m_Data: {fileID: 11400000, guid: 36fdaa54bcf36e84e86722837344d315, type: 2}
  - m_RefCount: 15
    m_Data: {fileID: 11400000, guid: 62c653132b29739479d7d3cd9fe58da8, type: 2}
  - m_RefCount: 1
    m_Data: {fileID: 11400000, guid: f5e611cfddc6e5745b8900a97aad3354, type: 2}
  - m_RefCount: 1
    m_Data: {fileID: 11400000, guid: abfbcbd8decf03e47b9d0939ce51fcd4, type: 2}
  m_TileSpriteArray:
  - m_RefCount: 2
    m_Data: {fileID: -3515090944904320775, guid: 63c857cfc7f88864298b76ae5bbfe7d9,
      type: 3}
  - m_RefCount: 0
    m_Data: {fileID: 0}
  - m_RefCount: 17
    m_Data: {fileID: 1728582383445430750, guid: 63c857cfc7f88864298b76ae5bbfe7d9,
      type: 3}
  - m_RefCount: 15
    m_Data: {fileID: -7789130647713168720, guid: 63c857cfc7f88864298b76ae5bbfe7d9,
      type: 3}
  - m_RefCount: 13
    m_Data: {fileID: -3949975178792881072, guid: 63c857cfc7f88864298b76ae5bbfe7d9,
      type: 3}
  - m_RefCount: 13
    m_Data: {fileID: -5542558008932164730, guid: 63c857cfc7f88864298b76ae5bbfe7d9,
      type: 3}
  - m_RefCount: 1
    m_Data: {fileID: -402033498941432281, guid: 63c857cfc7f88864298b76ae5bbfe7d9,
      type: 3}
  - m_RefCount: 1
    m_Data: {fileID: -4379233246968791251, guid: 63c857cfc7f88864298b76ae5bbfe7d9,
      type: 3}
  - m_RefCount: 1
    m_Data: {fileID: 7354819767241589694, guid: 63c857cfc7f88864298b76ae5bbfe7d9,
      type: 3}
  m_TileMatrixArray:
  - m_RefCount: 63
    m_Data:
      e00: 1
      e01: 0
      e02: 0
      e03: 0
      e10: 0
      e11: 1
      e12: 0
      e13: 0
      e20: 0
      e21: 0
      e22: 1
      e23: 0
      e30: 0
      e31: 0
      e32: 0
      e33: 1
  m_TileColorArray:
  - m_RefCount: 63
    m_Data: {r: 1, g: 1, b: 1, a: 1}
  m_AnimationFrameRate: 1
  m_Color: {r: 1, g: 1, b: 1, a: 1}
  m_Origin: {x: -14, y: -18, z: 0}
  m_Size: {x: 32, y: 30, z: 1}
  m_TileAnchor: {x: 0.5, y: 0.5, z: 0}
  m_TileOrientation: 0
  m_TileOrientationMatrix:
    e00: 1
    e01: 0
    e02: 0
    e03: 0
    e10: 0
    e11: 1
    e12: 0
    e13: 0
    e20: 0
    e21: 0
    e22: 1
    e23: 0
    e30: 0
    e31: 0
    e32: 0
    e33: 1
--- !u!66 &724453626
CompositeCollider2D:
  m_ObjectHideFlags: 0
  m_CorrespondingSourceObject: {fileID: 0}
  m_PrefabInstance: {fileID: 0}
  m_PrefabAsset: {fileID: 0}
  m_GameObject: {fileID: 724453621}
  m_Enabled: 1
  m_Density: 1
  m_Material: {fileID: 6200000, guid: f29df55ea4462754db9db9714e5688c2, type: 2}
  m_IsTrigger: 0
  m_UsedByEffector: 0
  m_UsedByComposite: 0
  m_Offset: {x: 0, y: 0}
  m_GeometryType: 0
  m_GenerationType: 0
  m_EdgeRadius: 0
  m_ColliderPaths:
  - m_Collider: {fileID: 724453623}
    m_ColliderPaths:
    - - X: -30468908
        Y: -70468752
      - X: -30468762
        Y: -49531148
      - X: -29531237
        Y: -49530974
      - X: -29530998
        Y: 9531150
      - X: -19531150
        Y: 9531354
      - X: -19531354
        Y: 20468850
      - X: -29531125
        Y: 20468995
      - X: -29530902
        Y: 69531248
      - X: 20468750
        Y: 69531596
      - X: 20469098
        Y: 109531248
      - X: 49531148
        Y: 109530900
      - X: 49530900
        Y: -39531148
      - X: 20468750
        Y: -39530900
      - X: 20468402
        Y: 40468752
      - X: 20312500
        Y: 40469105
      - X: 20312152
        Y: 50312500
      - X: 19374928
        Y: 50312404
      - X: 9687500
        Y: 40624856
      - X: 9687153
        Y: 40468752
      - X: 9531250
        Y: 40468404
      - X: 9531313
        Y: -29531150
      - X: -468850
        Y: -29531325
      - X: -468675
        Y: -40468852
      - X: 9531456
        Y: -40468968
      - X: 9531598
        Y: -50468752
      - X: 49531248
        Y: -50469100
      - X: 49531596
        Y: -70468752
      - X: 60468752
        Y: -70468404
      - X: 60468404
        Y: 120468752
      - X: 9531250
        Y: 120468404
      - X: 9530902
        Y: 80468752
      - X: -40468752
        Y: 80468404
      - X: -40468404
        Y: -70468752
    - - X: -9531092
        Y: -70468723
      - X: 10468489
        Y: -70468665
      - X: 10468402
        Y: -59531248
      - X: -9531150
        Y: -59531294
  m_CompositePaths:
    m_Paths:
    - - {x: -3.0468936, y: -7.0468755}
      - {x: -3.0468733, y: -4.953115}
      - {x: -2.9531236, y: -4.9530945}
      - {x: -2.9530969, y: 0.953115}
      - {x: -1.953115, y: 0.9531383}
      - {x: -1.9531385, y: 2.046885}
      - {x: -2.9531124, y: 2.0469024}
      - {x: -2.9530873, y: 6.953125}
      - {x: 2.046875, y: 6.9531627}
      - {x: 2.046913, y: 10.953125}
      - {x: 4.953115, y: 10.953087}
      - {x: 4.9530873, y: -3.9531147}
      - {x: 2.046875, y: -3.9530873}
      - {x: 2.0468373, y: 4.0468755}
      - {x: 2.03125, y: 4.0469136}
      - {x: 2.0312123, y: 5.03125}
      - {x: 1.9374923, y: 5.0312395}
      - {x: 0.96875, y: 4.0624843}
      - {x: 0.9687125, y: 4.0468755}
      - {x: 0.953125, y: 4.046838}
      - {x: 0.9531284, y: -2.953115}
      - {x: -0.046885002, y: -2.9531355}
      - {x: -0.0468646, y: -4.046885}
      - {x: 0.9531456, y: -4.0469}
      - {x: 0.9531627, y: -5.0468755}
      - {x: 4.953125, y: -5.0469127}
      - {x: 4.9531627, y: -7.0468755}
      - {x: 6.0468755, y: -7.046838}
      - {x: 6.046838, y: 12.046875}
      - {x: 0.953125, y: 12.046838}
      - {x: 0.95308733, y: 8.046875}
      - {x: -4.0468755, y: 8.046838}
      - {x: -4.046838, y: -7.0468755}
    - - {x: -0.9531092, y: -7.0468698}
      - {x: 1.0468489, y: -7.046864}
      - {x: 1.0468373, y: -5.953125}
      - {x: -0.953115, y: -5.9531326}
  m_VertexDistance: 0.0005
  m_OffsetDistance: 0.000005
--- !u!50 &724453627
Rigidbody2D:
  serializedVersion: 4
  m_ObjectHideFlags: 0
  m_CorrespondingSourceObject: {fileID: 0}
  m_PrefabInstance: {fileID: 0}
  m_PrefabAsset: {fileID: 0}
  m_GameObject: {fileID: 724453621}
  m_BodyType: 1
  m_Simulated: 1
  m_UseFullKinematicContacts: 0
  m_UseAutoMass: 0
  m_Mass: 1
  m_LinearDrag: 0
  m_AngularDrag: 0.05
  m_GravityScale: 0
  m_Material: {fileID: 0}
  m_Interpolate: 0
  m_SleepingMode: 1
  m_CollisionDetection: 0
  m_Constraints: 0
--- !u!1001 &852610215
PrefabInstance:
  m_ObjectHideFlags: 0
  serializedVersion: 2
  m_Modification:
    m_TransformParent: {fileID: 0}
    m_Modifications:
    - target: {fileID: 7848733496873674858, guid: 4b524358e62bc7348bd3783a88cf2b29,
        type: 3}
      propertyPath: m_Name
      value: tree5
      objectReference: {fileID: 0}
    - target: {fileID: 7848733496873674856, guid: 4b524358e62bc7348bd3783a88cf2b29,
        type: 3}
      propertyPath: m_LocalPosition.x
      value: -0.99
      objectReference: {fileID: 0}
    - target: {fileID: 7848733496873674856, guid: 4b524358e62bc7348bd3783a88cf2b29,
        type: 3}
      propertyPath: m_LocalPosition.y
      value: 11.754971
      objectReference: {fileID: 0}
    - target: {fileID: 7848733496873674856, guid: 4b524358e62bc7348bd3783a88cf2b29,
        type: 3}
      propertyPath: m_LocalPosition.z
      value: 1
      objectReference: {fileID: 0}
    - target: {fileID: 7848733496873674856, guid: 4b524358e62bc7348bd3783a88cf2b29,
        type: 3}
      propertyPath: m_LocalRotation.x
      value: 0
      objectReference: {fileID: 0}
    - target: {fileID: 7848733496873674856, guid: 4b524358e62bc7348bd3783a88cf2b29,
        type: 3}
      propertyPath: m_LocalRotation.y
      value: 0
      objectReference: {fileID: 0}
    - target: {fileID: 7848733496873674856, guid: 4b524358e62bc7348bd3783a88cf2b29,
        type: 3}
      propertyPath: m_LocalRotation.z
      value: 0
      objectReference: {fileID: 0}
    - target: {fileID: 7848733496873674856, guid: 4b524358e62bc7348bd3783a88cf2b29,
        type: 3}
      propertyPath: m_LocalRotation.w
      value: 1
      objectReference: {fileID: 0}
    - target: {fileID: 7848733496873674856, guid: 4b524358e62bc7348bd3783a88cf2b29,
        type: 3}
      propertyPath: m_RootOrder
      value: 1
      objectReference: {fileID: 0}
    - target: {fileID: 7848733496873674856, guid: 4b524358e62bc7348bd3783a88cf2b29,
        type: 3}
      propertyPath: m_LocalEulerAnglesHint.x
      value: 0
      objectReference: {fileID: 0}
    - target: {fileID: 7848733496873674856, guid: 4b524358e62bc7348bd3783a88cf2b29,
        type: 3}
      propertyPath: m_LocalEulerAnglesHint.y
      value: 0
      objectReference: {fileID: 0}
    - target: {fileID: 7848733496873674856, guid: 4b524358e62bc7348bd3783a88cf2b29,
        type: 3}
      propertyPath: m_LocalEulerAnglesHint.z
      value: 0
      objectReference: {fileID: 0}
    m_RemovedComponents: []
  m_SourcePrefab: {fileID: 100100000, guid: 4b524358e62bc7348bd3783a88cf2b29, type: 3}
--- !u!1 &960194556
GameObject:
  m_ObjectHideFlags: 0
  m_CorrespondingSourceObject: {fileID: 0}
  m_PrefabInstance: {fileID: 0}
  m_PrefabAsset: {fileID: 0}
  serializedVersion: 6
  m_Component:
  - component: {fileID: 960194558}
  - component: {fileID: 960194557}
  m_Layer: 0
  m_Name: Grid
  m_TagString: Untagged
  m_Icon: {fileID: 0}
  m_NavMeshLayer: 0
  m_StaticEditorFlags: 0
  m_IsActive: 1
--- !u!156049354 &960194557
Grid:
  m_ObjectHideFlags: 0
  m_CorrespondingSourceObject: {fileID: 0}
  m_PrefabInstance: {fileID: 0}
  m_PrefabAsset: {fileID: 0}
  m_GameObject: {fileID: 960194556}
  m_Enabled: 1
  m_CellSize: {x: 1, y: 1, z: 0}
  m_CellGap: {x: 0, y: 0, z: 0}
  m_CellLayout: 0
  m_CellSwizzle: 0
--- !u!4 &960194558
Transform:
  m_ObjectHideFlags: 0
  m_CorrespondingSourceObject: {fileID: 0}
  m_PrefabInstance: {fileID: 0}
  m_PrefabAsset: {fileID: 0}
  m_GameObject: {fileID: 960194556}
  m_LocalRotation: {x: 0, y: 0, z: 0, w: 1}
  m_LocalPosition: {x: 0, y: 0, z: 0}
  m_LocalScale: {x: 1, y: 1, z: 1}
  m_Children:
  - {fileID: 1880699239}
  - {fileID: 724453622}
  - {fileID: 483248788}
  m_Father: {fileID: 0}
  m_RootOrder: 9
  m_LocalEulerAnglesHint: {x: 0, y: 0, z: 0}
--- !u!1 &961190591
GameObject:
  m_ObjectHideFlags: 0
  m_CorrespondingSourceObject: {fileID: 0}
  m_PrefabInstance: {fileID: 0}
  m_PrefabAsset: {fileID: 0}
  serializedVersion: 6
  m_Component:
  - component: {fileID: 961190592}
  m_Layer: 8
  m_Name: PlayerPos
  m_TagString: Untagged
  m_Icon: {fileID: 2488908585195742037, guid: 0000000000000000d000000000000000, type: 0}
  m_NavMeshLayer: 0
  m_StaticEditorFlags: 0
  m_IsActive: 1
--- !u!4 &961190592
Transform:
  m_ObjectHideFlags: 0
  m_CorrespondingSourceObject: {fileID: 0}
  m_PrefabInstance: {fileID: 0}
  m_PrefabAsset: {fileID: 0}
  m_GameObject: {fileID: 961190591}
  m_LocalRotation: {x: -0, y: -0, z: -0, w: 1}
  m_LocalPosition: {x: 3.51, y: -2.88, z: 0}
  m_LocalScale: {x: 1, y: 1, z: 1}
  m_Children: []
  m_Father: {fileID: 0}
  m_RootOrder: 8
  m_LocalEulerAnglesHint: {x: 0, y: 0, z: 0}
--- !u!1 &1168956354
GameObject:
  m_ObjectHideFlags: 0
  m_CorrespondingSourceObject: {fileID: 0}
  m_PrefabInstance: {fileID: 0}
  m_PrefabAsset: {fileID: 0}
  serializedVersion: 6
  m_Component:
  - component: {fileID: 1168956356}
  - component: {fileID: 1168956355}
  m_Layer: 0
  m_Name: ResetManager
  m_TagString: Untagged
  m_Icon: {fileID: 0}
  m_NavMeshLayer: 0
  m_StaticEditorFlags: 0
  m_IsActive: 1
--- !u!114 &1168956355
MonoBehaviour:
  m_ObjectHideFlags: 0
  m_CorrespondingSourceObject: {fileID: 0}
  m_PrefabInstance: {fileID: 0}
  m_PrefabAsset: {fileID: 0}
  m_GameObject: {fileID: 1168956354}
  m_Enabled: 1
  m_EditorHideFlags: 0
  m_Script: {fileID: 11500000, guid: d390dc42296624a40a5cba6b6bee23b3, type: 3}
  m_Name: 
  m_EditorClassIdentifier: 
  objectsInScene: []
--- !u!4 &1168956356
Transform:
  m_ObjectHideFlags: 0
  m_CorrespondingSourceObject: {fileID: 0}
  m_PrefabInstance: {fileID: 0}
  m_PrefabAsset: {fileID: 0}
  m_GameObject: {fileID: 1168956354}
  m_LocalRotation: {x: 0, y: 0, z: 0, w: 1}
  m_LocalPosition: {x: 0, y: 0, z: 0}
  m_LocalScale: {x: 1, y: 1, z: 1}
  m_Children: []
  m_Father: {fileID: 0}
  m_RootOrder: 10
  m_LocalEulerAnglesHint: {x: 0, y: 0, z: 0}
--- !u!1001 &1404277372
PrefabInstance:
  m_ObjectHideFlags: 0
  serializedVersion: 2
  m_Modification:
    m_TransformParent: {fileID: 0}
    m_Modifications:
    - target: {fileID: 7848733496873674858, guid: dea3a178113466b4ab138a30e587c1d1,
        type: 3}
      propertyPath: m_Name
      value: treesAndClouds_1
      objectReference: {fileID: 0}
    - target: {fileID: 7848733496873674856, guid: dea3a178113466b4ab138a30e587c1d1,
        type: 3}
      propertyPath: m_LocalPosition.x
      value: -10.951756
      objectReference: {fileID: 0}
    - target: {fileID: 7848733496873674856, guid: dea3a178113466b4ab138a30e587c1d1,
        type: 3}
      propertyPath: m_LocalPosition.y
      value: -0.8626981
      objectReference: {fileID: 0}
    - target: {fileID: 7848733496873674856, guid: dea3a178113466b4ab138a30e587c1d1,
        type: 3}
      propertyPath: m_LocalPosition.z
      value: 0
      objectReference: {fileID: 0}
    - target: {fileID: 7848733496873674856, guid: dea3a178113466b4ab138a30e587c1d1,
        type: 3}
      propertyPath: m_LocalRotation.x
      value: 0
      objectReference: {fileID: 0}
    - target: {fileID: 7848733496873674856, guid: dea3a178113466b4ab138a30e587c1d1,
        type: 3}
      propertyPath: m_LocalRotation.y
      value: 0
      objectReference: {fileID: 0}
    - target: {fileID: 7848733496873674856, guid: dea3a178113466b4ab138a30e587c1d1,
        type: 3}
      propertyPath: m_LocalRotation.z
      value: 0
      objectReference: {fileID: 0}
    - target: {fileID: 7848733496873674856, guid: dea3a178113466b4ab138a30e587c1d1,
        type: 3}
      propertyPath: m_LocalRotation.w
      value: 1
      objectReference: {fileID: 0}
    - target: {fileID: 7848733496873674856, guid: dea3a178113466b4ab138a30e587c1d1,
        type: 3}
      propertyPath: m_RootOrder
      value: 1
      objectReference: {fileID: 0}
    - target: {fileID: 7848733496873674856, guid: dea3a178113466b4ab138a30e587c1d1,
        type: 3}
      propertyPath: m_LocalEulerAnglesHint.x
      value: 0
      objectReference: {fileID: 0}
    - target: {fileID: 7848733496873674856, guid: dea3a178113466b4ab138a30e587c1d1,
        type: 3}
      propertyPath: m_LocalEulerAnglesHint.y
      value: 0
      objectReference: {fileID: 0}
    - target: {fileID: 7848733496873674856, guid: dea3a178113466b4ab138a30e587c1d1,
        type: 3}
      propertyPath: m_LocalEulerAnglesHint.z
      value: 0
      objectReference: {fileID: 0}
    m_RemovedComponents: []
  m_SourcePrefab: {fileID: 100100000, guid: dea3a178113466b4ab138a30e587c1d1, type: 3}
--- !u!1001 &1414126870
PrefabInstance:
  m_ObjectHideFlags: 0
  serializedVersion: 2
  m_Modification:
    m_TransformParent: {fileID: 0}
    m_Modifications:
    - target: {fileID: 9169902283523561264, guid: 33237165f947b4c488b8bcb08307c638,
        type: 3}
      propertyPath: m_Name
      value: GameManager
      objectReference: {fileID: 0}
    - target: {fileID: 9169902283523561266, guid: 33237165f947b4c488b8bcb08307c638,
        type: 3}
      propertyPath: m_LocalPosition.x
      value: 1158.9597
      objectReference: {fileID: 0}
    - target: {fileID: 9169902283523561266, guid: 33237165f947b4c488b8bcb08307c638,
        type: 3}
      propertyPath: m_LocalPosition.y
      value: 685.1313
      objectReference: {fileID: 0}
    - target: {fileID: 9169902283523561266, guid: 33237165f947b4c488b8bcb08307c638,
        type: 3}
      propertyPath: m_LocalPosition.z
      value: -298.125
      objectReference: {fileID: 0}
    - target: {fileID: 9169902283523561266, guid: 33237165f947b4c488b8bcb08307c638,
        type: 3}
      propertyPath: m_LocalRotation.x
      value: 0
      objectReference: {fileID: 0}
    - target: {fileID: 9169902283523561266, guid: 33237165f947b4c488b8bcb08307c638,
        type: 3}
      propertyPath: m_LocalRotation.y
      value: 0
      objectReference: {fileID: 0}
    - target: {fileID: 9169902283523561266, guid: 33237165f947b4c488b8bcb08307c638,
        type: 3}
      propertyPath: m_LocalRotation.z
      value: 0
      objectReference: {fileID: 0}
    - target: {fileID: 9169902283523561266, guid: 33237165f947b4c488b8bcb08307c638,
        type: 3}
      propertyPath: m_LocalRotation.w
      value: 1
      objectReference: {fileID: 0}
    - target: {fileID: 9169902283523561266, guid: 33237165f947b4c488b8bcb08307c638,
        type: 3}
      propertyPath: m_RootOrder
      value: 5
      objectReference: {fileID: 0}
    - target: {fileID: 9169902283523561266, guid: 33237165f947b4c488b8bcb08307c638,
        type: 3}
      propertyPath: m_LocalEulerAnglesHint.x
      value: 0
      objectReference: {fileID: 0}
    - target: {fileID: 9169902283523561266, guid: 33237165f947b4c488b8bcb08307c638,
        type: 3}
      propertyPath: m_LocalEulerAnglesHint.y
      value: 0
      objectReference: {fileID: 0}
    - target: {fileID: 9169902283523561266, guid: 33237165f947b4c488b8bcb08307c638,
        type: 3}
      propertyPath: m_LocalEulerAnglesHint.z
      value: 0
      objectReference: {fileID: 0}
    m_RemovedComponents: []
  m_SourcePrefab: {fileID: 100100000, guid: 33237165f947b4c488b8bcb08307c638, type: 3}
--- !u!1001 &1615303229
PrefabInstance:
  m_ObjectHideFlags: 0
  serializedVersion: 2
  m_Modification:
    m_TransformParent: {fileID: 0}
    m_Modifications:
    - target: {fileID: 7848733496873674858, guid: a90459a08b70f5449a8fbf93b89403d6,
        type: 3}
      propertyPath: m_Name
      value: treesAndClouds_0
      objectReference: {fileID: 0}
    - target: {fileID: 7848733496873674856, guid: a90459a08b70f5449a8fbf93b89403d6,
        type: 3}
      propertyPath: m_LocalPosition.x
      value: 6.68
      objectReference: {fileID: 0}
    - target: {fileID: 7848733496873674856, guid: a90459a08b70f5449a8fbf93b89403d6,
        type: 3}
      propertyPath: m_LocalPosition.y
      value: 21.5
      objectReference: {fileID: 0}
    - target: {fileID: 7848733496873674856, guid: a90459a08b70f5449a8fbf93b89403d6,
        type: 3}
      propertyPath: m_LocalPosition.z
      value: 0
      objectReference: {fileID: 0}
    - target: {fileID: 7848733496873674856, guid: a90459a08b70f5449a8fbf93b89403d6,
        type: 3}
      propertyPath: m_LocalRotation.x
      value: 0
      objectReference: {fileID: 0}
    - target: {fileID: 7848733496873674856, guid: a90459a08b70f5449a8fbf93b89403d6,
        type: 3}
      propertyPath: m_LocalRotation.y
      value: 0
      objectReference: {fileID: 0}
    - target: {fileID: 7848733496873674856, guid: a90459a08b70f5449a8fbf93b89403d6,
        type: 3}
      propertyPath: m_LocalRotation.z
      value: 0
      objectReference: {fileID: 0}
    - target: {fileID: 7848733496873674856, guid: a90459a08b70f5449a8fbf93b89403d6,
        type: 3}
      propertyPath: m_LocalRotation.w
      value: 1
      objectReference: {fileID: 0}
    - target: {fileID: 7848733496873674856, guid: a90459a08b70f5449a8fbf93b89403d6,
        type: 3}
      propertyPath: m_RootOrder
      value: 4
      objectReference: {fileID: 0}
    - target: {fileID: 7848733496873674856, guid: a90459a08b70f5449a8fbf93b89403d6,
        type: 3}
      propertyPath: m_LocalEulerAnglesHint.x
      value: 0
      objectReference: {fileID: 0}
    - target: {fileID: 7848733496873674856, guid: a90459a08b70f5449a8fbf93b89403d6,
        type: 3}
      propertyPath: m_LocalEulerAnglesHint.y
      value: 0
      objectReference: {fileID: 0}
    - target: {fileID: 7848733496873674856, guid: a90459a08b70f5449a8fbf93b89403d6,
        type: 3}
      propertyPath: m_LocalEulerAnglesHint.z
      value: 0
      objectReference: {fileID: 0}
    m_RemovedComponents: []
  m_SourcePrefab: {fileID: 100100000, guid: a90459a08b70f5449a8fbf93b89403d6, type: 3}
--- !u!1 &1880699238
GameObject:
  m_ObjectHideFlags: 0
  m_CorrespondingSourceObject: {fileID: 0}
  m_PrefabInstance: {fileID: 0}
  m_PrefabAsset: {fileID: 0}
  serializedVersion: 6
  m_Component:
  - component: {fileID: 1880699239}
  - component: {fileID: 1880699241}
  - component: {fileID: 1880699240}
  m_Layer: 0
  m_Name: Background
  m_TagString: Untagged
  m_Icon: {fileID: 0}
  m_NavMeshLayer: 0
  m_StaticEditorFlags: 0
  m_IsActive: 1
--- !u!4 &1880699239
Transform:
  m_ObjectHideFlags: 0
  m_CorrespondingSourceObject: {fileID: 0}
  m_PrefabInstance: {fileID: 0}
  m_PrefabAsset: {fileID: 0}
  m_GameObject: {fileID: 1880699238}
  m_LocalRotation: {x: -0, y: -0, z: -0, w: 1}
  m_LocalPosition: {x: 0, y: 0, z: 0}
  m_LocalScale: {x: 1, y: 1, z: 1}
  m_Children: []
  m_Father: {fileID: 960194558}
  m_RootOrder: 0
  m_LocalEulerAnglesHint: {x: 0, y: 0, z: 0}
--- !u!483693784 &1880699240
TilemapRenderer:
  m_ObjectHideFlags: 0
  m_CorrespondingSourceObject: {fileID: 0}
  m_PrefabInstance: {fileID: 0}
  m_PrefabAsset: {fileID: 0}
  m_GameObject: {fileID: 1880699238}
  m_Enabled: 1
  m_CastShadows: 0
  m_ReceiveShadows: 0
  m_DynamicOccludee: 1
  m_MotionVectors: 1
  m_LightProbeUsage: 0
  m_ReflectionProbeUsage: 0
  m_RenderingLayerMask: 1
  m_RendererPriority: 0
  m_Materials:
  - {fileID: 10754, guid: 0000000000000000f000000000000000, type: 0}
  m_StaticBatchInfo:
    firstSubMesh: 0
    subMeshCount: 0
  m_StaticBatchRoot: {fileID: 0}
  m_ProbeAnchor: {fileID: 0}
  m_LightProbeVolumeOverride: {fileID: 0}
  m_ScaleInLightmap: 1
  m_ReceiveGI: 1
  m_PreserveUVs: 0
  m_IgnoreNormalsForChartDetection: 0
  m_ImportantGI: 0
  m_StitchLightmapSeams: 1
  m_SelectedEditorRenderState: 0
  m_MinimumChartSize: 4
  m_AutoUVMaxDistance: 0.5
  m_AutoUVMaxAngle: 89
  m_LightmapParameters: {fileID: 0}
  m_SortingLayerID: 0
  m_SortingLayer: 0
  m_SortingOrder: -100
  m_ChunkSize: {x: 32, y: 32, z: 32}
  m_ChunkCullingBounds: {x: 0, y: 0, z: 0}
  m_MaxChunkCount: 16
  m_MaxFrameAge: 16
  m_SortOrder: 0
  m_Mode: 0
  m_DetectChunkCullingBounds: 0
  m_MaskInteraction: 0
--- !u!1839735485 &1880699241
Tilemap:
  m_ObjectHideFlags: 0
  m_CorrespondingSourceObject: {fileID: 0}
  m_PrefabInstance: {fileID: 0}
  m_PrefabAsset: {fileID: 0}
  m_GameObject: {fileID: 1880699238}
  m_Enabled: 1
  m_Tiles: {}
  m_AnimatedTiles: {}
  m_TileAssetArray:
  - m_RefCount: 0
    m_Data: {fileID: 0}
  - m_RefCount: 0
    m_Data: {fileID: 0}
  - m_RefCount: 0
    m_Data: {fileID: 0}
  - m_RefCount: 0
    m_Data: {fileID: 0}
  - m_RefCount: 0
    m_Data: {fileID: 0}
  - m_RefCount: 0
    m_Data: {fileID: 0}
  m_TileSpriteArray:
  - m_RefCount: 0
    m_Data: {fileID: 0}
  - m_RefCount: 0
    m_Data: {fileID: 0}
  - m_RefCount: 0
    m_Data: {fileID: 0}
  - m_RefCount: 0
    m_Data: {fileID: 0}
  - m_RefCount: 0
    m_Data: {fileID: 0}
  - m_RefCount: 0
    m_Data: {fileID: 0}
  m_TileMatrixArray:
  - m_RefCount: 0
    m_Data:
      e00: NaN
      e01: NaN
      e02: -0.000000020339726
      e03: 0
      e10: NaN
      e11: NaN
      e12: 2.12e-43
      e13: 0
      e20: 0
      e21: -0.000000020339698
      e22: 0
      e23: 0
      e30: 0
      e31: 2.12e-43
      e32: 0
      e33: 0
  m_TileColorArray:
  - m_RefCount: 0
    m_Data: {r: 3.2327426e-35, g: 3.2327426e-35, b: 3.2327426e-35, a: 3.2327426e-35}
  m_AnimationFrameRate: 1
  m_Color: {r: 1, g: 1, b: 1, a: 1}
  m_Origin: {x: -7, y: -12, z: 0}
  m_Size: {x: 15, y: 14, z: 1}
  m_TileAnchor: {x: 0.5, y: 0.5, z: 0}
  m_TileOrientation: 0
  m_TileOrientationMatrix:
    e00: 1
    e01: 0
    e02: 0
    e03: 0
    e10: 0
    e11: 1
    e12: 0
    e13: 0
    e20: 0
    e21: 0
    e22: 1
    e23: 0
    e30: 0
    e31: 0
    e32: 0
    e33: 1
